<record><leader>00000cas a22000007a 4500</leader><controlfield tag="001">20942753</controlfield><controlfield tag="008">900123d183618uuohuuu ne      0    0eng d</controlfield><datafield ind1=" " ind2=" " tag="010"><subfield code="a">sn 89076265 </subfield></datafield><datafield ind1=" " ind2=" " tag="040"><subfield code="a">ONP</subfield><subfield code="b">eng</subfield><subfield code="c">ONP</subfield><subfield code="d">OCLCQ</subfield></datafield><datafield ind1=" " ind2=" " tag="042"><subfield code="a">msc</subfield></datafield><datafield ind1="0" ind2=" " tag="130"><subfield code="a">Rights of man (Portsmouth, Ohio)</subfield></datafield><datafield ind1="1" ind2="0" tag="245"><subfield code="a">Rights of man.</subfield></datafield><datafield ind1=" " ind2=" " tag="260"><subfield code="a">Portsmouth [Ohio] :</subfield><subfield code="b">Samuel G. Glover,</subfield><subfield code="c">1836-</subfield></datafield><datafield ind1=" " ind2=" " tag="300"><subfield code="a">v.</subfield></datafield><datafield ind1="0" ind2=" " tag="362"><subfield code="a">Vol. 1, no. 1 (Aug. 4, 1836)-</subfield></datafield><datafield ind1=" " ind2=" " tag="752"><subfield code="a">United States</subfield><subfield code="b">Ohio</subfield><subfield code="c">Scioto</subfield><subfield code="d">Portsmouth.</subfield></datafield></record>